@misc{Gambetta_2024,
  title   = {Fast-paced multiplayer (part I): Client-server game architecture},
  url     = {https://gabrielgambetta.com/client-server-game-architecture.html},
  journal = {Client-Server Game Architecture - Gabriel Gambetta},
  author  = {Gambetta, Gabriel},
  year    = {2024}
} 

@misc{Kroupp_2024,
  title   = {Mastering multiplayer game architecture: Choosing the right approach},
  url     = {https://www.getgud.io/blog/mastering-multiplayer-game-architecture-choosing-the-right-approach/},
  journal = {Getgud.io},
  author  = {Kroupp, Guy},
  year    = {2024},
  month   = {Jul}
} 